<?xml version="1.0" encoding="UTF-8"?><collection xmlns="http://www.loc.gov/MARC21/slim"><record><leader>00404nam--2200121-i-4500</leader><controlfield tag="001">000030103</controlfield><controlfield tag="002">20161230</controlfield><controlfield tag="005">20161230201038</controlfield><controlfield tag="008">060222s1000------------r-----000-0-eng-d</controlfield><datafield ind1=" " ind2=" " tag="080"><subfield code="a">543</subfield></datafield><datafield ind1=" " ind2=" " tag="245"><subfield code="a">Lucrarile celei de a iii-a conferinte nationale de chimie analitica. vol.4: metode de separare. brasov, romania, 22-26 sept.1971</subfield></datafield><datafield ind1=" " ind2=" " tag="260"><subfield code="a">Bucuresti, Inst.Central De Cerc.Chimice, 1971, 511p</subfield></datafield><datafield ind1=" " ind2=" " tag="852"><subfield code="a">35297</subfield></datafield></record></collection>